@misc{SCP,
    title={{SCP}: {C}ontainment {B}reach},
    howpublished={\url{http://www.scpcbgame.com/}}
}

@misc{ColorBlindness,
    title={{C}oblis {C}olor {B}lindness {S}imulator},
    howpublished={\url{http://www.color-blindness.com/coblis-color-blindness-simulator/}}
}